@inproceedings{ana12,
 	author = {A. Anna},
 	title = {Artigo em conferência},
 	booktitle = {Anais do XXVIII Simpósio Brasileiro de Pesquisa Operacional},
 	address = {Rio de Janeiro},
 	publisher = {SOBRAPO},
 	year = {2012},
 	pages = {123-134},
} 

@misc{Doe2012,
  	author = {A. Doe},
    title = {Informação da Web page},
    url = {http://aiweb.techfak.uni-bielefeld.de/},
    note = {Acesso em: 02/01/2016},
    year={2012},
}

@mastersthesis{Feroz2007,
	author		= {A. Feroz},
	title		= {Contribuição do tempo de reação},
	school		= {Instituto de Ciências e Tecnologia},
	address		= {Universidade da Vida, Brasília-DF},
	year		= {2007},
	note		= {100p},
}

@phdthesis{Fantucci2001,
	author		= {I. Fantucci},
	title		= {Contribuição do alerta, da atenção, da intenção e da expectativa temporal para o desempenho de humanos em tarefas de tempo de reação},
	school		= {Instituto de Psicologia},
	address		= {Universidade de São Paulo, São Paulo-SP},
	year		= {2001},
	note		= {130p},
}

@book{Gates2003,
author = {B. Gates},
title = {Um Livro Muito Bom},
publisher = {Editora Local},
address = {Rio de Janeiro},
year = {2003},
}

@incollection{Pele2004,
  author      = {E. N. Pelé and R. R. Romário},
  title       = {Exemplo de artigo em livro},
  editor      = {C. D. Souza and E. F. Santos},
  booktitle   = {Coletânea de Artigos},
  publisher   = {Editora Local},
  address     = {Nova Iorque},
  pages       = {266-290},
  chapter     = {10},
  year        = {2004},
}

@techreport{Silva1999,
     author = {A. B. Silva and C. D. Souza and E. F. Santos},
     title  = {Título de um relatório técnico},
     number = {Relatórios de Pesquisa em Engenharia de Produção 4},
     year = {1999},
     institution = {Universidade Z},
}


@Article{Smith2002,
	author = {S. Smith and J. Jones},
	title = {A paper on operations research},
	journal = {Pesquisa Operacional para o Desenvolvimento},
	year = {2002},
	volume = {32},
	number = {5},
	pages = {12-25},
}

