%% This BibTeX bibliography file was created using BibDesk.
%% http://bibdesk.sourceforge.net/

%% Created for Fabian Andres Lara Molina at 2018-01-19 18:10:58 -0200 


%% Saved with string encoding Unicode (UTF-8) 
@article{bodaghi2017passive,
  title={Passive vibration control of plate structures using shape memory alloy ribbons},
  author={Bodaghi, M and Shakeri, M and Aghdam, MM},
  journal={Journal of Vibration and Control},
  volume={23},
  number={1},
  pages={69--88},
  year={2017},
  publisher={SAGE Publications Sage UK: London, England}
}

@article{ribeiro2015passive,
	title={Passive vibration control in rotor dynamics: optimization of composed support using viscoelastic materials},
	author={Ribeiro, Eduardo Afonso and Pereira, Juc{\'e}lio Tom{\'a}s and Bavastri, Carlos Alberto},
	journal={Journal of Sound and Vibration},
	volume={351},
	pages={43--56},
	year={2015},
	publisher={Elsevier}
}

@article{koroishi2015robust,
	title={Robust optimal control applied to a composite laminated beam},
	author={Koroishi, Edson Hideki and Molina, Fabian Andres Lara and Faria, Albert Willian and Steffen Junior, Valder},
	journal={Journal of Aerospace Technology and Management},
	volume={7},
	number={1},
	pages={70--80},
	year={2015},
	publisher={SciELO Brasil}
}

@article{koroishi2016robust,
	title={Robust control in rotating machinery using linear matrix inequalities},
	author={Koroishi, EH and Lara-Molina, FA and Borges, AS and Steffen Jr, V},
	journal={Journal of Vibration and Control},
	volume={22},
	number={17},
	pages={3767--3778},
	year={2016},
	publisher={SAGE Publications Sage UK: London, England}
}

@article{min2017concept,
	title={A concept for semi-active vibration control with a serial-stiffness-switch system},
	author={Min, Chaoqing and Dahlmann, Martin and Sattel, Thomas},
	journal={Journal of Sound and Vibration},
	volume={405},
	pages={234--250},
	year={2017},
	publisher={Elsevier}
}

@article{mohammadi2015modeling,
	title={Modeling of a hybrid semi-active/passive vibration control technique},
	author={Mohammadi, S and Hatam, S and Khodayari, A},
	journal={Journal of Vibration and Control},
	volume={21},
	number={1},
	pages={21--28},
	year={2015},
	publisher={Sage Publications Sage UK: London, England}
}

@article{liu2018dynamic,
	title={Dynamic model and active vibration control of a membrane antenna structure},
	author={Liu, Xiang and Cai, Guoping and Peng, Fujun and Zhang, Hua},
	journal={Journal of Vibration and Control},
	volume={24},
	number={18},
	pages={4282--4296},
	year={2018},
	publisher={SAGE Publications Sage UK: London, England}
}

@article{luo2018active,
	title={Active vibration control of a hoop truss structure with piezoelectric bending actuators based on a fuzzy logic algorithm},
	author={Luo, Yajun and Zhang, Xue and Zhang, Yahong and Qu, Yuandong and Xu, Minglong and Fu, Kunkun and Ye, Lin},
	journal={Smart Materials and Structures},
	volume={27},
	number={8},
	pages={085030},
	year={2018},
	publisher={IOP Publishing}
}

@article{yang2018networked,
	title={Networked active vibration control of structural systems: A nonsmall input delay approach},
	author={Yang, Yanping and Zhang, Dawei and Han, Qing-Long},
	journal={Journal of Vibration and Control},
	volume={24},
	number={22},
	pages={5391--5400},
	year={2018},
	publisher={SAGE Publications Sage UK: London, England}
}

@article{zadeh1965fuzzy,
	title={Fuzzy sets},
	author={Zadeh, Lotfi A},
	journal={Information and control},
	volume={8},
	number={3},
	pages={338--353},
	year={1965},
	publisher={Elsevier}
}

@article{lara2015stochastic,
	title={Stochastic analysis of a 6-DOF fully parallel robot under uncertain parameters},
	author={Lara-Molina, FA and Koroishi, EH and Dumur, Didier and Steffen Jr, V},
	journal={IFAC-PapersOnLine},
	volume={48},
	number={19},
	pages={214--219},
	year={2015},
	publisher={Elsevier}
}	
	
@article{zadeh1973outline,
	title={Outline of a new approach to the analysis of complex systems and decision processes},
	author={Zadeh, Lotfi A},
	journal={IEEE Transactions on systems, Man, and Cybernetics},
	number={1},
	pages={28--44},
	year={1973},
	publisher={IEEE}
	}

@inproceedings{nugraha2018setting,
	title={Setting Neuro-Fuzzy PID Control In Plant Nonlinear Active Suspension},
	author={Nugraha, Anggara Trisna and others},
	booktitle={Journal of Physics: Conference Series},
	volume={1114},
	number={1},
	pages={012063},
	year={2018},
	organization={IOP Publishing}
}

@article{refoufi2018control,
	title={Control of a manipulator robot by neuro-fuzzy subsets form approach control optimized by the genetic algorithms},
	author={Refoufi, Salim and Benmahammed, Khier},
	journal={ISA transactions},
	volume={77},
	pages={133--145},
	year={2018},
	publisher={Elsevier}
}

@article{de2017neuro,
	title={A Neuro-Fuzzy Control Scheme for the Electrical Submersible Pumping in Oilfield Systems},
	author={de Araujo Filho, Flavio Gentil and Maitelli, Andre Laurindo},
	journal={IEEE Latin America Transactions},
	volume={15},
	number={11},
	pages={2077--2083},
	year={2017},
	publisher={IEEE}
}

@article{jang1993anfis,
	title={ANFIS: adaptive-network-based fuzzy inference system},
	author={Jang, J-SR},
	journal={IEEE transactions on systems, man, and cybernetics},
	volume={23},
	number={3},
	pages={665--685},
	year={1993},
	publisher={IEEE}
}

@article{senthil2018adaptive,
	title={Adaptive Neuro Fuzzy Inference System control of active suspension system with actuator dynamics},
	author={Senthil Kumar, P and Sivakumar, K and Kanagarajan, R and Kuberan, S},
	journal={Journal of Vibroengineering},
	volume={20},
	number={1},
	pages={541--549},
	year={2018},
	publisher={JVE International Ltd.}
}

@article{muradova2017adaptive,
	title={Adaptive neuro-fuzzy vibration control of a smart plate},
	author={Muradova, Aliki D and Tairidis, Georgios K and Stavroulakis, Georgios E},
	journal={Numerical Algebra, Control and Optimization},
	volume={7},
	number={3},
	pages={251--271},
	year={2017}
}


%20


@phdthesis{viana2008surrogate,
	title    = {Surrogate modeling techniques and heuristic optimization methods applied to design and identification problems},
	school   = {Federal University of Uberl\^andia},
	author   = {Viana, Felipe A. C.},
	year     = {2008}, %other attributes omitted
}

@article{koroishi2014numerical,
	title={Numerical and experimental modal control of flexible rotor using electromagnetic actuator},
	author={Koroishi, Edson Hideki and Borges, Adriano Silva and Cavalini, Aldemir Ap and Steffen, Valder},
	journal={Mathematical Problems in Engineering},
	volume={2014},
	year={2014},
	publisher={Hindawi}
}

@book{ross2005fuzzy,
	title={Fuzzy logic with engineering applications},
	author={Ross, Timothy J},
	year={2005},
	publisher={John Wiley \& Sons}
}

@article{liang2017optimal,
	title={Optimal vibration control for nonlinear systems of tracked vehicle half-car suspensions},
	author={Liang, Yan-Jun and Li, Na and Gao, De-Xin and Wang, Zhong-Sheng},
	journal={International Journal of Control, Automation and Systems},
	volume={15},
	number={4},
	pages={1675--1683},
	year={2017},
	publisher={Springer}
}

@inproceedings{koroishi2014characterization,
	title={Characterization of an electromagnetic actuator applied in the active vibration control of rotating machines},
	author={Koroishi, Edson Hideki and Lara-Molina, Fabian Andres and Rocha, LAA and Steffen Jr, V},
	booktitle={Proceedings of the 22nd International Conference of Magnetically Levitated Systems and Linear Drivers-MAGLEV},
	year={2014}
}


@article{guclu2008vibration,
	title={Vibration control of a structure with {ATMD} against earthquake using fuzzy logic controllers},
	author={Guclu, Rahmi and Yazici, Hakan},
	journal={Journal of Sound and Vibration},
	volume={318},
	number={1-2},
	pages={36--49},
	year={2008},
	publisher={Elsevier}
}

@article{ahlawat2001multiobjective,
	title={Multiobjective optimal structural vibration control using fuzzy logic control system},
	author={Ahlawat, AS and Ramaswamy, A},
	journal={Journal of Structural Engineering},
	volume={127},
	number={11},
	pages={1330--1337},
	year={2001},
	publisher={American Society of Civil Engineers}
}

@article{guclu2007fuzzy,
	title={Fuzzy logic control of a non-linear structural system against earthquake induced vibration},
	author={Guclu, R. and Yazici, H.},
	journal={Journal of Vibration and Control},
	volume={13},
	number={11},
	pages={1535--1551},
	year={2007},
	publisher={Sage Publications Sage UK: London, England}
}

@article{sung2008vibration,
	title={Vibration control of vehicle ER suspension system using fuzzy moving sliding mode controller},
	author={Sung, Kum-Gil and Han, Young-Min and Cho, Jae-Wan and Choi, Seung-Bok},
	journal={Journal of Sound and Vibration},
	volume={311},
	number={3-5},
	pages={1004--1019},
	year={2008},
	publisher={Elsevier}
}

@article{jnifene2005experimental,
	title={Experimental study on active vibration control of a single-link flexible manipulator using tools of fuzzy logic and neural networks},
	author={Jnifene, Amor and Andrews, William},
	journal={IEEE Transactions on Instrumentation and Measurement},
	volume={54},
	number={3},
	pages={1200--1208},
	year={2005},
	publisher={IEEE}
}

@article{marinaki2010fuzzy,
	title={Fuzzy control optimized by PSO for vibration suppression of beams},
	author={Marinaki, Magdalene and Marinakis, Yannis and Stavroulakis, Georgios E},
	journal={Control Engineering Practice},
	volume={18},
	number={6},
	pages={618--629},
	year={2010},
	publisher={Elsevier}
}

@article{wei2010experimental,
	title={Experimental comparison research on active vibration control for flexible piezoelectric manipulator using fuzzy controller},
	author={Wei, Jing-jun and Qiu, Zhi-cheng and Wang, Yue-chao and others},
	journal={Journal of Intelligent and Robotic Systems},
	volume={59},
	number={1},
	pages={31--56},
	year={2010},
	publisher={Springer}
}

@article{teixeira2019evaluation,
	title={Evaluation of parametric models dedicated to a magnetorheological actuator including uncertainty and sensitivity analyses},
	author={Teixeira, Philippe and Saad, N{\'u}bia and Lara-Molina, Fabian A and Cavalini Jr, Aldemir Ap and Steffen Jr, Valder},
	journal={ASCE-ASME Journal of Risk and Uncertainty in Engineering Systems, Part B: Mechanical Engineering},
	year={2019}
}

@article{storn1997differential,
	title={Differential evolution--a simple and efficient heuristic for global optimization over continuous spaces},
	author={Storn, Rainer and Price, Kenneth},
	journal={Journal of global optimization},
	volume={11},
	number={4},
	pages={341--359},
	year={1997},
	publisher={Springer}
}

@inproceedings{koroishi2015fuzzy,
	title={Fuzzy Modal Control Applied to Smart Composite Structure},
	author={Koroishi, EH and Faria, AW and Lara-Molina, FA and Steffen Jr, V},
	booktitle={Journal of Physics: Conference Series},
	volume={628},
	number={1},
	pages={012090},
	year={2015},
	organization={IOP Publishing}
}

@book{ying2000fuzzy,
	title={Fuzzy control and modeling: analytical foundations and applications},
	author={Ying, Hao},
	year={2000},
	publisher={Wiley-IEEE Press}
}